% bmc_article.bib
% 
%  An example of bibtex entries.
%  Entries taken from BMC instructions for authors page.

% uncomment next line to make author-year bibliography
% @settings{label, options="nameyear"}
@article{modiri2018polar,
  title={Polar motion prediction using the combination of SSA and Copula-based analysis},
  author={Modiri, Sadegh and Belda, Santiago and Heinkelmann, Robert and Hoseini, Mostafa and Ferr{\'a}ndiz, Jos{\'e} M and Schuh, Harald},
  journal={Earth, Planets and Space},
  volume={70},
  number={1},
  pages={115},
  year={2018},
  publisher={SpringerOpen}
}

@article{johnson2005improved,
  title={Improved near-term Earth rotation predictions using atmospheric angular momentum analysis and forecasts},
  author={Johnson, Thomas J and Luzum, Brian J and Ray, Jim R},
  journal={Journal of Geodynamics},
  volume={39},
  number={3},
  pages={209--221},
  year={2005},
  publisher={Elsevier}
}
@article{Golyandina2001,
author = {Golyandina, Nina and Viktorovich Nekrutkin, Vladimir and Zhigljavsky, Anatoly},
year = {2001},
month = {01},
pages = {},
title = {Analysis of Time Series Structure: SSA and Related Techniques},
volume = {90},
booktitle = {Monographs on Statistics and Applied Probability}
}
@article{Ghil2001,
author = {Ghil, Michael and R. Allen, M and Dettinger, Michael and Ide, Kayo and Kondrashov, D and Mann, Michael and Saunders, A and Tian, Yudong and Varadi, Ferenc},
year = {2001},
month = {11},
pages = {},
title = {Advanced Spectral Methods for Climatic Time Series},
volume = {40},
booktitle = {Reviews of Geophysics}
}

@article{Valentina2003,
author = {Escott-Price, Valentina and Zhigljavsky, Anatoly},
year = {2003},
month = {01},
pages = {319-352},
title = {An Algorithm Based on Singular Spectrum Analysis for Change-Point Detection},
volume = {32},
booktitle = {Communications in Statistics-simulation and Computation - COMMUN STATIST-SIMULAT COMPUT}
}



@article{kosek1998possible,
  title={Possible improvement of Earth orientation forecast using autocovariance prediction procedures},
  author={Kosek, W and McCarthy, DD and Luzum, BJ},
  journal={Journal of Geodesy},
  volume={72},
  number={4},
  pages={189--199},
  year={1998},
  publisher={Springer}
}
@inproceedings{Akulenko2002,
  title={Motion of the Earth’s pole},
  author={Akulenko, LD and Kumakshev, SA and Markov, Yu G},
  booktitle={Doklady Physics},
  volume={47},
  number={1},
  pages={78--84},
  year={2002},
  organization={Springer}
}

@article{akulenko2002forecasting,
  title={Forecasting the polar motions of the deformable Earth},
  author={Akulenko, LD and Kumakshev, SA and Markov, Yu G and Rykhlova, LV},
  journal={Astronomy Reports},
  volume={46},
  number={10},
  pages={858--865},
  year={2002},
  publisher={Springer}
}

@article{akyilmaz2004,
  title={Prediction of Earth rotation parameters by fuzzy inference systems},
  author={Akyilmaz, O and Kutterer, H},
  journal={Journal of Geodesy},
  volume={78},
  number={1-2},
  pages={82--93},
  year={2004},
  publisher={Springer}
}
@article{akyilmaz2011fuzzy,
  title={Fuzzy-wavelet based prediction of Earth rotation parameters},
  author={Akyilmaz, O and Kutterer, Hansj{\"o}rg and Shum, CK and Ayan, T},
  journal={Applied Soft Computing},
  volume={11},
  number={1},
  pages={837--841},
  year={2011},
  publisher={Elsevier}
}

@article{alexandrov2008,
  title={A method of trend extraction using singular spectrum analysis},
  author={Alexandrov, Theodore},
  journal={arXiv preprint arXiv:0804.3367},
  year={2008}
}
@article{Angermann2010,
  title={Analysis of the DORIS contributions to ITRF2008},
  author={Angermann, Detlef and Seitz, Manuela and Drewes, Hermann},
  journal={Advances in Space Research},
  volume={46},
  number={12},
  pages={1633--1647},
  year={2010},
  publisher={Elsevier}
}
@article{Bardossy2008,
  title={Geostatistical interpolation using copulas},
  author={B{\'a}rdossy, Andr{\'a}s and Li, Jing},
  journal={Water Resources Research},
  volume={44},
  number={7},
  year={2008},
  publisher={Wiley Online Library}
}
@article{barnes1983atmospheric,
  title={Atmospheric angular momentum fluctuations, length-of-day changes and polar motion},
  author={Barnes, RTH and White, AA and Wilson, CA},
  journal={Proc. R. Soc. Lond. A},
  volume={387},
  number={1792},
  pages={31--73},
  year={1983},
  publisher={The Royal Society}
}

@article{Belda2016a,
  title={Testing a new free core nutation empirical model},
  author={Belda, Santiago and Ferrandiz, Jose M and Heinkelmann, Robert and Nilsson, Tobias and Schuh, Harald},
  journal={Journal of Geodynamics},
  volume={94},
  pages={59--67},
  year={2016},
  publisher={Elsevier}
}
@incollection{bizouard2009combined,
  title={The combined solution C04 for Earth orientation parameters consistent with international terrestrial reference frame 2005},
  author={Bizouard, Christian and Gambis, Daniel},
  booktitle={Geodetic reference frames},
  pages={265--270},
  year={2009},
  publisher={Springer}
}
@inproceedings{Byram2012,
  title={High-precision GNSS orbit, clock and EOP estimation at the United States Naval Observatory},
  author={Byram, Sharyl and Hackman, Christine},
  booktitle={Position Location and Navigation Symposium (PLANS), 2012 IEEE/ION},
  pages={659--663},
  year={2012},
  organization={IEEE}
}
@article{broomhead1986extracting,
  title={Extracting qualitative dynamics from experimental data},
  author={Broomhead, David S and King, Gregory P},
  journal={Physica D: Nonlinear Phenomena},
  volume={20},
  number={2-3},
  pages={217--236},
  year={1986},
  publisher={Elsevier}
}
@article{chen2005hydrological,
  title={Hydrological excitations of polar motion, 1993--2002},
  author={Chen, JL and Wilson, CR},
  journal={Geophysical Journal International},
  volume={160},
  number={3},
  pages={833--839},
  year={2005},
  publisher={Blackwell Publishing Ltd Oxford, UK}
}
@article{chin2004modeling,
  title={Modeling and forecast of the polar motion excitation functions for short-term polar motion prediction},
  author={Chin, Toshio M and Gross, Richard S and Dickey, Jean O},
  journal={Journal of Geodesy},
  volume={78},
  number={6},
  pages={343--353},
  year={2004},
  publisher={Springer}
}
@article{Coulot2009,
  title={Global optimization of core station networks for space geodesy: application to the referencing of the SLR EOP with respect to ITRF},
  author={Coulot, David and Pollet, Arnaud and Collilieux, Xavier and Berio, Philippe},
  journal={Journal of Geodesy},
  volume={84},
  number={1},
  pages={31},
  year={2010},
  publisher={Springer}
}
@book{Dill2008,
  title={Hydrological model LSDM for operational Earth rotation and gravity field variations},
  author={Dill, Robert},
  volume={369},
  year={2008},
  publisher={GFZ}
}
@article{Dill2010,
  title={Short-term polar motion forecasts from earth system modeling data},
  author={Dill, Robert and Dobslaw, Henryk},
  journal={Journal of Geodesy},
  volume={84},
  number={9},
  pages={529--536},
  year={2010},
  publisher={Springer}
}

@article{Dobslaw2010,
  title={Seasonal polar motion excitation from numerical models of atmosphere, ocean, and continental hydrosphere},
  author={Dobslaw, Henryk and Dill, Robert and Gr{\"o}tzsch, Andre and Brzezi{\'n}ski, Aleksander and Thomas, Maik},
  journal={Journal of Geophysical Research: Solid Earth},
  volume={115},
  number={B10},
  year={2010},
  publisher={Wiley Online Library}
}
@article{Doell2003,
  title={A global hydrological model for deriving water availability indicators: model tuning and validation},
  author={D{\"o}ll, Petra and Kaspar, Frank and Lehner, Bernhard},
  journal={Journal of Hydrology},
  volume={270},
  number={1-2},
  pages={105--134},
  year={2003},
  publisher={Elsevier}
}
@article{Dow2009,
  title={The international GNSS service in a changing landscape of global navigation satellite systems},
  author={Dow, John M and Neilan, Ruth E and Rizos, Chris},
  journal={Journal of geodesy},
  volume={83},
  number={3-4},
  pages={191--198},
  year={2009},
  publisher={Springer}
}
@article{Freedman94,
  title={The short-term prediction of universal time and length of day using atmospheric angular momentum},
  author={Freedman, AP and Steppe, JA and Dickey, JO and Eubanks, TM and Sung, L-Y},
  journal={Journal of Geophysical Research: Solid Earth},
  volume={99},
  number={B4},
  pages={6981--6996},
  year={1994},
  publisher={Wiley Online Library}
}
@article{gross2003atmospheric,
  title={Atmospheric and oceanic excitation of the Earth's wobbles during 1980--2000},
  author={Gross, Richard S and Fukumori, Ichiro and Menemenlis, Dimitris},
  journal={Journal of Geophysical Research: Solid Earth},
  volume={108},
  number={B8},
  year={2003},
  publisher={Wiley Online Library}
}
%Gross2007
@article{gross2015earth,
  title={Earth rotation variations—Long period},
  author={Gross, Richard S},
  journal={Physical Geodesy},
  volume={11},
  pages={215--261},
  year={2015},
  publisher={Treatise on Geophysics}
}
@article{gross1998kalman,
  title={A Kalman-filter-based approach to combining independent Earth-orientation series},
  author={Gross, Richard S and Eubanks, TM and Steppe, JA and Freedman, AP and Dickey, JO and Runge, TF},
  journal={Journal of Geodesy},
  volume={72},
  number={4},
  pages={215--235},
  year={1998},
  publisher={Springer}
}
@article{Guo2013,
  title={A technique to improve the accuracy of Earth orientation prediction algorithms based on least squares extrapolation},
  author={Guo, JY and Li, YB and Dai, CL and Shum, CK},
  journal={Journal of Geodynamics},
  volume={70},
  pages={36--48},
  year={2013},
  publisher={Elsevier}
}
@book{joe1997,
  title={Multivariate models and multivariate dependence concepts},
  author={Joe, Harry},
  year={1997},
  publisher={CRC Press}
}
@article{kalarus2004prediction,
  title={Prediction of Earth orientation parameters by artificial neural networks},
  author={Kalarus, Maciej and Kosek, W},
  journal={Artificial Satellites-Journal of Planetary Geodesy},
  volume={39},
  number={2},
  pages={175--184},
  year={2004}
}
@article{Kalarus2010,
  title={Achievements of the Earth orientation parameters prediction comparison campaign},
  author={Kalarus, M and Schuh, Harald and Kosek, W and Akyilmaz, O and Bizouard, Ch and Gambis, D and Gross, R and Jovanovi{\'c}, B and Kumakshev, S and Kutterer, Hansj{\"o}rg and others},
  journal={Journal of Geodesy},
  volume={84},
  number={10},
  pages={587--596},
  year={2010},
  publisher={Springer}
}

@article{Kalnay1996,
  title={The NCEP/NCAR 40-year reanalysis project},
  author={Kalnay, Eugenia and Kanamitsu, Masao and Kistler, Robert and Collins, William and Deaven, Dennis and Gandin, Lev and Iredell, Mark and Saha, Suranjana and White, Glenn and Woollen, John and others},
  journal={Bulletin of the American meteorological Society},
  volume={77},
  number={3},
  pages={437--471},
  year={1996}
}
@article{kosek1998possible,
  title={Possible improvement of Earth orientation forecast using autocovariance prediction procedures},
  author={Kosek, W and McCarthy, DD and Luzum, BJ},
  journal={Journal of Geodesy},
  volume={72},
  number={4},
  pages={189--199},
  year={1998},
  publisher={Springer}
}

@article{Kosek2005,
  title={A comparison of LOD and UT1-UTC forecasts by different combined prediction techniques},
  author={Kosek, W and Kalarus, M and Johnson, TJ and Wooden, WH and McCarthy, DD and Popinski, W},
  journal={Artificial Satellites},
  volume={40},
  number={2},
  pages={119--125},
  year={2005}
}
@article{Kosek2011,
  title={Analysis of pole coordinate data predictions in the earth orientation parameters combination of prediction pilot project},
  author={Kosek, W and Luzum, B and Kalarus, M and Wn{\k{e}}k, A and Zbylut, M},
  journal={Artificial Satellites},
  volume={46},
  number={4},
  pages={139--150},
  year={2011},
  publisher={De Gruyter Open}
}
@book{kosek2007forecasting,
  title={Forecasting of the Earth orientation parameters: comparison of different algorithms},
  author={Kosek, Wieslaw Ireneusz and Kalarus, Maciek and Niedzielski, Tomasz and Capitaine, Nicole},
  year={2007},
  publisher={Observatoire de Paris}
}
@article{Mittnik2000,
  title={Stable Paretian models in finance},
  author={Rachev, Svetlozar and Mittnik, Stefan},
  year={2000},
  publisher={John Willey$\backslash$\& Sons, New York}
}

@article{mathews1991forced,
  title={Forced nutations of the Earth: Influence of inner core dynamics: 1. Theory},
  author={Mathews, PM and Buffett, Bruce A and Herring, Thomas A and Shapiro, Irwin I},
  journal={Journal of Geophysical Research: Solid Earth},
  volume={96},
  number={B5},
  pages={8219--8242},
  year={1991},
  publisher={Wiley Online Library}
}

@inproceedings{Modiri2015,
  title={Copula-based estimation of large-scale water storage changes: exploiting the dependence structure between hydrological and GRACE data},
  author={Modiri, Sadegh and Lorenz, Christof and Sneeuw, Nico and Kunstmann, Harald},
  booktitle={EGU General Assembly Conference Abstracts},
  volume={17},
  year={2015}
}

@book{nelsen2007introduction,
  title={An introduction to copulas},
  author={Nelsen, Roger B},
  year={2007},
  publisher={Springer Science \& Business Media}
}

@article{Nilsson2011,
  title={Universal time from VLBI single-baseline observations during CONT08},
  author={Nilsson, Tobias and B{\"o}hm, Johannes and Schuh, Harald},
  journal={Journal of Geodesy},
  volume={85},
  number={7},
  pages={415--423},
  year={2011},
  publisher={Springer}
}

@article{Nilsson2010,
  title={Sub-diurnal Earth rotation variations observed by VLBI},
  author={Nilsson, Tobias and B{\"o}hm, Johannes and Schuh, Harald},
  journal={Artificial Satellites},
  volume={45},
  number={2},
  pages={49--55},
  year={2010},
  publisher={Versita}
}

@article{Nilsson2014,
  title={Earth orientation parameters estimated from VLBI during the CONT11 campaign},
  author={Nilsson, Tobias and Heinkelmann, Robert and Karbon, Maria and Raposo-Pulido, Virginia and Soja, Benedikt and Schuh, Harald},
  journal={Journal of Geodesy},
  volume={88},
  number={5},
  pages={491--502},
  year={2014},
  publisher={Springer}
}
@techreport{Petit2010,
  title={IERS conventions (2010)},
  author={Petit, G{\'e}rard and Luzum, Brian},
  year={2010},
  institution={BUREAU INTERNATIONAL DES POIDS ET MESURES SEVRES (FRANCE)}
}
@article{Schuh2012,
  title={VLBI: A fascinating technique for geodesy and astrometry},
  author={Schuh, Harald and Behrend, Dirk},
  journal={Journal of Geodynamics},
  volume={61},
  pages={68--80},
  year={2012},
  publisher={Elsevier}
}

@article{Schuh2002,
  title={Prediction of Earth orientation parameters by artificial neural networks},
  author={Schuh, Harald and Ulrich, M and Egger, D and M{\"u}ller, J and Schwegmann, W},
  journal={Journal of Geodesy},
  volume={76},
  number={5},
  pages={247--258},
  year={2002},
  publisher={Springer}
}
@article{Sklar1959,
  title={Fonctions de repartition an dimensions et leurs marges},
  author={Sklar, M},
  journal={Publ. Inst. Statist. Univ. Paris},
  volume={8},
  pages={229--231},
  year={1959}
}
@article{Vogl2012,
  title={Copula-based assimilation of radar and gauge information to derive bias-corrected precipitation fields},
  author={Vogl, S and Laux, P and Qiu, W and Mao, G and Kunstmann, H},
  journal={Hydrology and Earth System Sciences},
  volume={16},
  number={7},
  pages={2311--2328},
  year={2012},
  publisher={Copernicus GmbH}
}
@article{wahr1982effects,
  title={The effects of the atmosphere and oceans on the Earth's wobble—I. Theory},
  author={Wahr, John M},
  journal={Geophysical Journal International},
  volume={70},
  number={2},
  pages={349--372},
  year={1982},
  publisher={Wiley Online Library}
}
@article{wahr1983effects,
  title={The effects of the atmosphere and oceans on the Earth's wobble and on the seasonal variations in the length of day—II. Results},
  author={Wahr, John M},
  journal={Geophysical Journal International},
  volume={74},
  number={2},
  pages={451--487},
  year={1983},
  publisher={Blackwell Publishing Ltd Oxford, UK}
}

@article{Wang2014,
  title={Introducing atmospheric angular momentum into prediction of length of day change by generalized regression neural network model},
  author={Wang, Qi-jie and Du, Ya-nan and Liu, Jian},
  journal={Journal of Central South University},
  volume={21},
  number={4},
  pages={1396--1401},
  year={2014},
  publisher={Springer}
}
@article{wang2000model,
  title={Model selection and semiparametric inference for bivariate failure-time data},
  author={Wang, Weijing and Wells, Martin T},
  journal={Journal of the American Statistical Association},
  volume={95},
  number={449},
  pages={62--72},
  year={2000},
  publisher={Taylor \& Francis}
}
@article{Wang2012,
  title={Numerical approximations and Goodness-of-fit of Copulas},
  author={Wang, Yongsheng},
  year={2012}
}
@article{Wilson1985,
  title={Discrete polar motion equations},
  author={Wilson, Clark and others},
  journal={Geophysical Journal International},
  volume={80},
  number={2},
  pages={551--554},
  year={1985},
  publisher={Wiley Online Library}
}
@incollection{wlodzimierz1990polar,
  title={Polar motion prediction by the least-squares collocation method},
  author={W{\l}odzimierz, Hozakowski},
  booktitle={Earth Rotation and Coordinate Reference Frames},
  pages={50--57},
  year={1990},
  publisher={Springer}
}

@inproceedings{Xu2012,
  title={Combined prediction of earth orientation parameters},
  author={Xu, XQ and Zotov, L and Zhou, YH},
  booktitle={China Satellite Navigation Conference (CSNC) 2012 Proceedings},
  pages={361--369},
  year={2012},
  organization={Springer}
}
@article{xu2012short,
  title={Short-term earth orientation parameters predictions by combination of the least-squares, AR model and Kalman filter},
  author={Xu, XQ and Zhou, YH and Liao, XH},
  journal={Journal of Geodynamics},
  volume={62},
  pages={83--86},
  year={2012},
  publisher={Elsevier}
}
@article{Zotov2005,
  title={Regression methods of Earth rotation prediction},
  author={Zotov, LV},
  journal={Moscow University Physics Bulletin},
  volume={5},
  number={2005},
  pages={36--50},
  year={2005}
}
@article{Dickey1985,
  title={Earth orientation from lunar laser ranging and an error analysis of polar motion services},
  author={Dickey, JO and Newhall, XX and Williams, JG},
  journal={Journal of Geophysical Research: Solid Earth},
  volume={90},
  number={B11},
  pages={9353--9362},
  year={1985},
  publisher={Wiley Online Library}
}
@article{Nilsson2012,
  title={Combining VLBI and ring laser observations for determination of high frequency Earth rotation variation},
  author={Nilsson, Tobias and B{\"o}hm, Johannes and Schuh, Harald and Schreiber, Ulrich and Gebauer, Andre and Kl{\"u}gel, Thomas},
  journal={Journal of Geodynamics},
  volume={62},
  pages={69--73},
  year={2012},
  publisher={Elsevier}
}
@inproceedings{Parselia2014,
  title={Earth Rotation Determination by Combining Ring Laser Gyroscopes and VLBI},
  author={Parselia, E and Nilsson, T and Heinkelmann, R and Gebauer, A and Kl{\"u}gel, T and Schreiber, U and Schuh, H},
  booktitle={International VLBI Service for Geodesy and Astrometry 2014 General Meeting Proceedings:" VGOS: The New VLBI Network", Eds. Dirk Behrend, Karen D. Baver, Kyla L. Armstrong, Science Press, Beijing, China, ISBN 978-7-03-042974-2, 2014, p. 495-499},
  pages={495--499},
  year={2014}
}

@article{Chao1991,
  title={Libration in the Earth's rotation},
  author={Chao, BF and Dong, DN and Liu, HS and Herring, TA},
  journal={Geophysical research letters},
  volume={18},
  number={11},
  pages={2007--2010},
  year={1991},
  publisher={Wiley Online Library}
}
@article{Schuh2000,
  title={Short period variations in Earth rotation as seen by VLBI},
  author={Schuh, Harald and Schmitz-H{\"u}bsch, Harald},
  journal={Surveys in Geophysics},
  volume={21},
  number={5-6},
  pages={499--520},
  year={2000},
  publisher={Springer}
}
@article{Yoder1981,
  title={Tidal variations of Earth rotation},
  author={Yoder, Charles F and Williams, James G and Parke, Michael E},
  journal={Journal of Geophysical Research: Solid Earth},
  volume={86},
  number={B2},
  pages={881--891},
  year={1981},
  publisher={Wiley Online Library}
}

@article{zotov2010dynamical,
  title={Dynamical modeling and excitation reconstruction as fundamental of Earth rotation prediction},
  author={Zotov, Leonid},
  journal={Artificial satellites},
  volume={45},
  number={2},
  pages={95--106},
  year={2010},
  publisher={Versita}
}

@article{embrechts2002correlation,
  title={Correlation and dependence in risk management: properties and pitfalls},
  author={Embrechts, Paul and McNeil, Alexander and Straumann, Daniel},
  journal={Risk management: value at risk and beyond},
  volume={176223},
  year={2002}
}

@book{nelsen2007introduction,
  title={An introduction to copulas},
  author={Nelsen, Roger B},
  year={2007},
  publisher={Springer Science \& Business Media}
}

@book{Plag2009ggos,
  title={
Global Geodetic Observing System:
Meeting the Requirements of a Global Society on a Changing Planet in 2020
},
author={Plag, Hans-Peter and Pearlman, Michael},
  year={2009},
  publisher={Springer, Berlin, Heidelberg}
}

@article{patton2006modelling,
  title={Modelling asymmetric exchange rate dependence},
  author={Patton, Andrew J},
  journal={International economic review},
  volume={47},
  number={2},
  pages={527--556},
  year={2006},
  publisher={Wiley Online Library}
}
@incollection{patton2009copula,
  title={Copula--based models for financial time series},
  author={Patton, Andrew J},
  booktitle={Handbook of financial time series},
  pages={767--785},
  year={2009},
  publisher={Springer}
}
@article{vautard1992singular,
  title={Singular-spectrum analysis: A toolkit for short, noisy chaotic signals},
  author={Vautard, Robert and Yiou, Pascal and Ghil, Michael},
  journal={Physica D: Nonlinear Phenomena},
  volume={58},
  number={1-4},
  pages={95--126},
  year={1992},
  publisher={Elsevier}
}
@article{joe2005asymptotic,
  title={Asymptotic efficiency of the two-stage estimation method for copula-based models},
  author={Joe, Harry},
  journal={Journal of Multivariate Analysis},
  volume={94},
  number={2},
  pages={401--419},
  year={2005},
  publisher={Elsevier}
}
@article{McCarthy1996,
  title={IERS Conventions (1996).},
  author={McCarthy, Dennis D},
  journal={IERS Technical Note},
  volume={21},
  pages={1--95},
  year={1996}
}

@Article{Schuh2008,
author={Schuh, Harald and Kosek, W and Kalarus, M and Akyilmaz, O and Gambis, D and Gross, R and Jovanovic, B and Kumakshev, S and Kutterer, H and Cerveira, PJ Mendes and others},
  title   = {Earth Oreintation Parameters Prediction Comparison Campaign-- first summary},
  journal = {Geophyscal Research},
  year    = {2008},
  volume  = {10},
}
@inproceedings{Heinkelmann2014,
  title={The GFZ VLBI solution: characteristics and first results},
  author={Heinkelmann, Robert and Nilsson, Tobias J and Karbon, Maria and Liu, Li and Lu, Cuixian and Mora-Diaz, Julian A and Parselia, Elisabeth and Raposo-Pulido, Virginia and Soja, Benedikt and Xu, Minghui and others},
  booktitle={International VLBI Service for Geodesy and Astrometry 2014 General Meeting Proceedings:" VGOS: The New VLBI Network", Eds. Dirk Behrend, Karen D. Baver, Kyla L. Armstrong, Science Press, Beijing, China, ISBN 978-7-03-042974-2, 2014, p. 330-334},
  pages={330--334},
  year={2014}
}
@incollection{Boehm2012,
  title={The new Vienna VLBI Software VieVS},
  author={B{\"o}hm, Johannes and B{\"o}hm, Sigrid and Nilsson, Tobias and Pany, Andrea and Plank, Lucia and Spicakova, Hana and Teke, Kamil and Schuh, Harald},
  booktitle={Geodesy for Planet Earth},
  pages={1007--1011},
  year={2012},
  publisher={Springer}
}
@inproceedings{Karbon2014,
  title={ERP estimation using a Kalman filter in VLBI},
  author={Karbon, M and Soja, B and Nilsson, T and Heinkelmann, R and Liu, L and Lu, C and Mora-Diaz, JA and Raposo-Pulido, V and Xu, M and Schuh, H},
  booktitle={International VLBI Service for Geodesy and Astrometry 2014 General Meeting Proceedings:" VGOS: The New VLBI Network", Eds. Dirk Behrend, Karen D. Baver, Kyla L. Armstrong, Science Press, Beijing, China, ISBN 978-7-03-042974-2, 2014, p. 298-301},
  pages={298--301},
  year={2014}
}
@article{Belda2016b,
  title={On the consistency of the current conventional EOP series and the celestial and terrestrial reference frames},
  author={Belda, Santiago and Heinkelmann, Robert and Ferr{\'a}ndiz, Jos{\'e} M and Nilsson, Tobias and Schuh, Harald},
  journal={Journal of Geodesy},
  volume={91},
  number={2},
  pages={135--149},
  year={2017},
  publisher={Springer}
}
@Article{Yolder1983,
  author  = {C. F. Yolder and J. G. Williams and J. O. Dickey and B. E. Schutz and R. J. Eanes and B. D. Tapley},
  title   = {Secular variation of Earth's gravitational jarmonic J coefficient from Lageos and non-tidal accelaration of the Earth rotation},
  journal = {Nature},
  year    = {1983},
  volume  = {303},
  pages   = {757--756},
}

@article{Gambis2004,
  title={Monitoring Earth orientation using space-geodetic techniques: state-of-the-art and prospective},
  author={Gambis, D},
  journal={Journal of Geodesy},
  volume={78},
  number={4-5},
  pages={295--303},
  year={2004},
  publisher={Springer}
}
@article{Niedzielski2008,
  title={Prediction of UT1--UTC, LOD and AAM $\chi$ 3 by combination of least-squares and multivariate stochastic methods},
  author={Niedzielski, Tomasz and Kosek, Wies{\l}aw},
  journal={Journal of Geodesy},
  volume={82},
  number={2},
  pages={83--92},
  year={2008},
  publisher={Springer}
}

@article{escarela2003fitting,
  title={Fitting competing risks with an assumed copula},
  author={Escarela, Gabriel and Carriere, Jacques F},
  journal={Statistical Methods in Medical Research},
  volume={12},
  number={4},
  pages={333--349},
  year={2003},
  publisher={Sage Publications Sage CA: Thousand Oaks, CA}
}
@article{bardossy2009copula,
  title={Copula based multisite model for daily precipitation simulation},
  author={B{\'a}rdossy, A and Pegram, GGS},
  journal={Hydrology and Earth System Sciences},
  volume={13},
  number={12},
  pages={2299},
  year={2009},
  publisher={Copernicus GmbH}
}

@article{verhoest2015copula,
  title={Copula-based downscaling of coarse-scale soil moisture observations with implicit bias correction},
  author={Verhoest, Niko EC and van den Berg, Martinus Johannes and Martens, Brecht and Lievens, Hans and Wood, Eric F and Pan, Ming and Kerr, Yann H and Al Bitar, Ahmad and Tomer, Sat K and Drusch, Matthias and others},
  journal={IEEE Transactions on Geoscience and Remote Sensing},
  volume={53},
  number={6},
  pages={3507--3521},
  year={2015},
  publisher={IEEE}
}

@article{laux2011copula,
  title={Copula-based statistical refinement of precipitation in RCM simulations over complex terrain},
  author={Laux, P and Vogl, S and Qiu, W and Knoche, HR and Kunstmann, H},
  journal={Hydrology and Earth System Sciences},
  volume={15},
  number={7},
  pages={2401--2419},
  year={2011},
  publisher={Copernicus GmbH}
}
@article{genest1993statistical,
  title={Statistical inference procedures for bivariate Archimedean copulas},
  author={Genest, Christian and Rivest, Louis-Paul},
  journal={Journal of the American statistical Association},
  volume={88},
  number={423},
  pages={1034--1043},
  year={1993},
  publisher={Taylor \& Francis Group}
}

@book{jaworski2010copula,
  title={Copula theory and its applications: proceedings of the workshop held in Warsaw, 25-26 September 2009},
  author={Jaworski, Piotr and Durante, Fabrizio and H{\"a}rdle, Wolfgang Karl and Rychlik, Tomasz},
  volume={198},
  year={2010},
  publisher={Springer Science \& Business Media}
}

@article{giacomini2009inhomogeneous,
  title={Inhomogeneous dependence modeling with time-varying copulae},
  author={Giacomini, Enzo and H{\"a}rdle, Wolfgang and Spokoiny, Vladimir},
  journal={Journal of Business \& Economic Statistics},
  volume={27},
  number={2},
  pages={224--234},
  year={2009},
  publisher={Taylor \& Francis}
}
@book{golyandina2013singular,
  title={Singular Spectrum Analysis for time series},
  author={Golyandina, Nina and Zhigljavsky, Anatoly},
  year={2013},
  publisher={Springer Science \& Business Media}
}

@article{gambis2011earth,
  title={Earth rotation monitoring, UT1 determination and prediction},
  author={Gambis, Daniel and Luzum, Brian},
  journal={Metrologia},
  volume={48},
  number={4},
  pages={S165},
  year={2011},
  publisher={IOP Publishing}
}
@article{genest2007everything,
  title={Everything you always wanted to know about copula modeling but were afraid to ask},
  author={Genest, Christian and Favre, Anne-Catherine},
  journal={Journal of hydrologic engineering},
  volume={12},
  number={4},
  pages={347--368},
  year={2007},
  publisher={American Society of Civil Engineers}
}
@incollection{schuh2011earth,
  title={Earth rotation},
  author={Schuh, Harald and B{\"o}hm, Sigrid},
  booktitle={Encyclopedia of Solid Earth Geophysics},
  pages={123--129},
  year={2011},
  publisher={Springer}
}
@incollection{seitz2010earth,
  title={Earth rotation},
  author={Seitz, Florian and Schuh, Harald},
  booktitle={Sciences of Geodesy-I},
  pages={185--227},
  year={2010},
  publisher={Springer}
}
@article{golyandina2001analysis,
  title={Analysis of time series structure: SSA and related techniques},
  author={Golyandina, Nina and Nekrutkin, Vladimir and Zhigljavsky, Anatoly A},
  year={2001},
  publisher={Chapman and Hall/CRC}
}

@Article{Gross2007,
  Title                    = {Earth Rotation Variations - Long Period. In Physical Geodesy},
  Author                   = {Gross, Richard},
  Journal                  = {Treatise on Geophysics},
  Year                     = {2007},
  Volume                   = {11},

  Owner                    = {sadegh},
  Timestamp                = {2017.02.09}
}

@incollection{stamatakos2017,
  title={IERS Rapid Service Prediction Center Products and Services: Improvement, Chages, and Challenges, 2012 to 2017.},
  author={Stamatakos, N },
  booktitle={Proceedings of the Journ{\'e}es Syst{\`e}mes de r{\'e}f{\'e}rence spatio-temporels},
  year={2017}
}

@article{salvadori2007use,
  title={On the use of copulas in hydrology: theory and practice},
  author={Salvadori, G and De Michele, C},
  journal={Journal of Hydrologic Engineering},
  volume={12},
  number={4},
  pages={369--380},
  year={2007},
  publisher={American Society of Civil Engineers}
}


@article{tapley1985station,
  title={Station coordinates, baselines, and Earth rotation from LAGEOS laser ranging: 1976--1984},
  author={Tapley, BD and Schutz, BE and Eanes, RJ},
  journal={Journal of Geophysical Research: Solid Earth},
  volume={90},
  number={B11},
  pages={9235--9248},
  year={1985},
  publisher={Wiley Online Library}
}

@article{lichten1992sub,
  title={Sub-daily resolution of Earth rotation variations wtth global positioning system measurements},
  author={Lichten, Stephen M and Marcus, Steven L and Dickey, Jean O},
  journal={Geophysical research letters},
  volume={19},
  number={6},
  pages={537--540},
  year={1992},
  publisher={Wiley Online Library}
}
@article{gross1996detection,
  title={Detection of an ENSO signal in seasonal length-of-day variations},
  author={Gross, Richard S and Marcus, Steven L and Eubanks, T Marshall and Dickey, Jean O and Keppenne, Christian L},
  journal={Geophysical Research Letters},
  volume={23},
  number={23},
  pages={3373--3376},
  year={1996},
  publisher={Wiley Online Library}
}


@article{gross1998kalman,
  title={A Kalman-filter-based approach to combining independent Earth-orientation series},
  author={Gross, Richard S and Eubanks, TM and Steppe, JA and Freedman, AP and Dickey, JO and Runge, TF},
  journal={Journal of Geodesy},
  volume={72},
  number={4},
  pages={215--235},
  year={1998},
  publisher={Springer}
}

@article{kosek2002autocovariance,
  title={Autocovariance prediction of complex-valued polar motion time series},
  author={Kosek, W},
  journal={Advances in Space Research},
  volume={30},
  number={2},
  pages={375--380},
  year={2002},
  publisher={Elsevier Science}
}



@article{mccarthy1991prediction,
  title={Prediction of Earth orientation},
  author={McCarthy, Dennis D and Luzum, Brian J},
  journal={Bulletin g{\'e}od{\'e}sique},
  volume={65},
  number={1},
  pages={18--21},
  year={1991},
  publisher={Springer}
}

@book{holton1989nino,
  title={El Ni{\~n}o, La Ni{\~n}a, and the southern oscillation},
  author={Holton, James R and Dmowska, Renata},
  volume={46},
  year={1989},
  publisher={Academic press}
}



@book{cherubini2004copula,
  title={Copula methods in finance},
  author={Cherubini, Umberto and Luciano, Elisa and Vecchiato, Walter},
  year={2004},
  publisher={John Wiley \& Sons}
}

@article{salstein1993monitoring,
  title={Monitoring atmospheric winds and pressures for Earth orientation studies},
  author={Salstein, David A},
  journal={Advances in Space Research},
  volume={13},
  number={11},
  pages={175--184},
  year={1993},
  publisher={Elsevier}
}


@article{jungclaus2013characteristics,
  title={Characteristics of the ocean simulations in the Max Planck Institute Ocean Model (MPIOM) the ocean component of the MPI-Earth system model},
  author={Jungclaus, JH and Fischer, Nils and Haak, Helmuth and Lohmann, K and Marotzke, J and Matei, D and Mikolajewicz, U and Notz, D and Storch, JS},
  journal={Journal of Advances in Modeling Earth Systems},
  volume={5},
  number={2},
  pages={422--446},
  year={2013},
  publisher={Wiley Online Library}
}

@article{dobslaw2018predicting,
  title={Predicting Earth orientation changes from global forecasts of atmosphere-hydrosphere dynamics},
  author={Dobslaw, Henryk and Dill, Robert},
  journal={Advances in Space Research},
  volume={61},
  number={4},
  pages={1047--1054},
  year={2018},
  publisher={Elsevier}
}

@article{dobslaw2005atmospheric,
  title={Atmospheric induced oceanic tides from ECMWF forecasts},
  author={Dobslaw, Henryk and Thomas, Maik},
  journal={Geophysical research letters},
  volume={32},
  number={10},
  year={2005},
  publisher={Wiley Online Library}
}
@article{dobslaw2016homogenizing,
  title={Homogenizing surface pressure time-series from operational numerical weather prediction models for geodetic applications},
  author={Dobslaw, H},
  journal={Journal of Geodetic Science},
  volume={6},
  number={1},
  year={2016},
  publisher={De Gruyter Open}
}

@book{dill2008hydrological,
  title={Hydrological model LSDM for operational Earth rotation and gravity field variations},
  author={Dill, Robert},
  volume={369},
  year={2008},
  publisher={GFZ}
}
%% added by Santiago
@article{malkin2013free,
  title={Free core nutation and geomagnetic jerks},
  author={Malkin, Zinovy},
  journal={Journal of Geodynamics},
  volume={72},
  pages={53--58},
  year={2013},
  publisher={Elsevier}
}
@article{shirai2005detection,
  title={Detection of phase disturbances of free core nutation of the Earth and their concurrence with geomagnetic jerks},
  author={Shirai, Toshimichi and Fukushima, Toshio and Malkin, Zinovy},
  journal={Earth, planets and space},
  volume={57},
  number={2},
  pages={151--155},
  year={2005},
  publisher={The Seismological Society of Japan, Society of Geomagnetism and Earth, Planetary and Space Sciences, The Volcanological Society of Japan, The Geodetic Society of Japan, The Japanese Society for Planetary Sciences}
}






% added by Mostafa






@article{SSA_Groth2015,
author = {Groth, Andreas and Ghil, Michael},
title = {Monte Carlo Singular Spectrum Analysis (SSA) Revisited: Detecting Oscillator Clusters in Multivariate Datasets},
journal = {Journal of Climate},
volume = {28},
number = {19},
pages = {7873-7893},
year = {2015},
doi = {10.1175/JCLI-D-15-0100.1},

URL = { 
        https://doi.org/10.1175/JCLI-D-15-0100.1
    
},
eprint = { 
        https://doi.org/10.1175/JCLI-D-15-0100.1
    
}
}

@inproceedings{tesmer2001reassessment,
  title={Reassessment of highly resolved EOP determined with VLBI},
  author={Tesmer, Volker and Kutterer, Hansj{\"o}rg and Richter, Burghard and Schuh, Harald},
  booktitle={15th Workshop Meeting on European VLBI for Geodesy and Astrometry},
  pages={83},
  year={2001}
}

@article{heinkelmann2016multi,
  title={Multi-technique comparison of atmospheric parameters at the DORIS co-location sites during CONT14},
  author={Heinkelmann, Robert and Willis, Pascal and Deng, Zhiguo and Dick, Galina and Nilsson, Tobias and Soja, Benedikt and Zus, Florian and Wickert, Jens and Schuh, Harald},
  journal={Advances in Space Research},
  volume={58},
  number={12},
  pages={2758--2773},
  year={2016},
  publisher={Elsevier}
}

@article{karbon2017earth,
  title={Earth orientation parameters from VLBI determined with a Kalman filter},
  author={Karbon, Maria and Soja, Benedikt and Nilsson, Tobias and Deng, Zhiguo and Heinkelmann, Robert and Schuh, Harald},
  journal={Geodesy and Geodynamics},
  volume={8},
  number={6},
  pages={396--407},
  year={2017},
  publisher={Elsevier}
}

@inproceedings{behrend2017planning,
  title={Planning of the Continuous VLBI Campaign 2017 (CONT17)},
  author={Behrend, D and Thomas, C and Gipson, J and Himwich, E},
  booktitle={23rd European VLBI Group for Geodesy and Astrometry Working Meeting},
  pages={132--135},
  year={2017}
}

@incollection{bohm2012new,
  title={The new Vienna VLBI Software VieVS},
  author={B{\"o}hm, Johannes and B{\"o}hm, Sigrid and Nilsson, Tobias and Pany, Andrea and Plank, Lucia and Spicakova, Hana and Teke, Kamil and Schuh, Harald},
  booktitle={Geodesy for Planet Earth},
  pages={1007--1011},
  year={2012},
  publisher={Springer}
}

@article{nilsson2015application,
  title={Application of Kalman filtering in VLBI data analysis},
  author={Nilsson, Tobias and Soja, Benedikt and Karbon, Maria and Heinkelmann, Robert and Schuh, Harald},
  journal={Earth, Planets and Space},
  volume={67},
  number={1},
  pages={136},
  year={2015},
  publisher={SpringerOpen}
}

@article{schuh2012vlbi,
  title={VLBI: a fascinating technique for geodesy and astrometry},
  author={Schuh, Harald and Behrend, Dirk},
  journal={Journal of Geodynamics},
  volume={61},
  pages={68--80},
  year={2012},
  publisher={Elsevier}
}

@phdthesis{artz2011determination,
  title={Determination of sub-daily Earth rotation parameters from VLBI observations},
  author={Artz, Thomas},
  year={2011},
  school={Universit{\"a}ts-und Landesbibliothek Bonn}
}

@inproceedings{artz2007erp,
  title={ERP time series with daily and sub-daily resolution determined from CONT05},
  author={Artz, Thomas and B{\"o}ckmann, Sarah and Nothnagel, Axel and Tesmer, Volker},
  booktitle={Proceedings of the 18th European VLBI for Geodesy and Astrometry Work Meeting, 12-13 April 2007, edited by J. B{\"o}hm, A. Pany, H. Schuh, Geowissenschaftliche Mitteilungen, Heft Nr. 79, Schriftreihe der Studienrichtung Vermessung und Geoinformation, Technische Universit{\"a}t Wien, ISSN 1811-8380, p. 69-74},
  pages={69--74},
  year={2007}
}
@article{artz2011assessment,
  title={Assessment of periodic sub-diurnal Earth rotation variations at tidal frequencies through transformation of VLBI normal equation systems},
  author={Artz, Thomas and n{\'e}e B{\"o}ckmann, Sarah Tesmer and Nothnagel, Axel},
  journal={Journal of Geodesy},
  volume={85},
  number={9},
  pages={565--584},
  year={2011},
  publisher={Springer}
}
@article{haas2017ultra,
  title={Ultra-rapid earth rotation determination with VLBI during CONT11 and CONT14},
  author={Haas, R{\"u}diger and Hobiger, Thomas and Kurihara, Shinobu and Hara, Tetsuya},
  journal={Journal of Geodesy},
  volume={91},
  number={7},
  pages={831--837},
  year={2017},
  publisher={Springer}
}
@techreport{petit2010iers,
  title={IERS conventions (2010)},
  author={Petit, G{\'e}rard and Luzum, Brian},
  year={2010},
  institution={BUREAU INTERNATIONAL DES POIDS ET MESURES SEVRES (FRANCE)}
}
@article{altamimi2016itrf2014,
  title={ITRF2014: A new release of the International Terrestrial Reference Frame modeling nonlinear station motions},
  author={Altamimi, Zuheir and Rebischung, Paul and M{\'e}tivier, Laurent and Collilieux, Xavier},
  journal={Journal of Geophysical Research: Solid Earth},
  volume={121},
  number={8},
  pages={6109--6131},
  year={2016},
  publisher={Wiley Online Library}
}


@article{fey2015second,
  title={The second realization of the international celestial reference frame by very long baseline interferometry},
  author={Fey, Alan L and Gordon, David and Jacobs, Christopher S and Ma, C and Gaume, RA and Arias, EF and Bianco, G and Boboltz, DA and B{\"o}ckmann, S and Bolotin, S and others},
  journal={The Astronomical Journal},
  volume={150},
  number={2},
  pages={58},
  year={2015},
  publisher={IOP Publishing}
}
@article{artz2010subdiurnal,
  title={Subdiurnal variations in the Earth's rotation from continuous Very Long Baseline Interferometry campaigns},
  author={Artz, T and B{\"o}ckmann, S and Nothnagel, A and Steigenberger, P},
  journal={Journal of Geophysical Research: Solid Earth},
  volume={115},
  number={B5},
  year={2010},
  publisher={Wiley Online Library}
}
@article{haas2006sub,
  title={Sub-diurnal earth rotation variations from the VLBI CONT02 campaign},
  author={Haas, R{\"u}diger and W{\"u}nsch, Johann},
  journal={Journal of Geodynamics},
  volume={41},
  number={1-3},
  pages={94--99},
  year={2006},
  publisher={Elsevier}
}

@inproceedings{nastula2007spectra,
  title={Spectra of rapid oscillations of Earth Rotation Parameters determined during the CONT02 Campaign},
  author={Nastula, J and Kolaczek, B and Weber, Robert and Schuh, Harald and Boehm, Johannes},
  booktitle={Dynamic Planet},
  pages={208--214},
  year={2007},
  organization={Springer}
}

@article{nilsson2014earth,
  title={Earth orientation parameters estimated from VLBI during the CONT11 campaign},
  author={Nilsson, Tobias and Heinkelmann, Robert and Karbon, Maria and Raposo-Pulido, Virginia and Soja, Benedikt and Schuh, Harald},
  journal={Journal of Geodesy},
  volume={88},
  number={5},
  pages={491--502},
  year={2014},
  publisher={Springer}
}

@article{soja2015tropospheric,
  title={Tropospheric delay determination by Kalman filtering VLBI data},
  author={Soja, Benedikt and Nilsson, Tobias and Karbon, Maria and Zus, Florian and Dick, Galina and Deng, Zhiguo and Wickert, Jens and Heinkelmann, Robert and Schuh, Harald},
  journal={Earth, Planets and Space},
  volume={67},
  number={1},
  pages={144},
  year={2015},
  publisher={SpringerOpen}
}

@article{rauteffect,
  title={EFFECT OF VLBI INTENSIVE SESSIONS ON DAILY AND SUB-DAILY ERP DETERMINED FROM CONT17 IVS DATA},
  author={Raut, S and Heinkelmann, R and Modiri, S and Schuh, H},
  year = {2019}
}

@article{desai2016evaluating,
  title={Evaluating predicted diurnal and semidiurnal tidal variations in polar motion with GPS-based observations},
  author={Desai, Shailen D and Sibois, Aurore E},
  journal={Journal of Geophysical Research: Solid Earth},
  volume={121},
  number={7},
  pages={5237--5256},
  year={2016},
  publisher={Wiley Online Library}
}

@inproceedings{gipson2015new,
  title={A new model of HF-EOP variation derived from 35 years of VLBI},
  author={Gipson, John and Hesslow, Linnea},
  booktitle={EGU General Assembly Conference Abstracts},
  volume={17},
  year={2015}
}
@article{nilsson2018evaluation,
  title={Evaluation of different high frequency EOP models using VLBI},
  author={Nilsson, Tobias},
  year={2018}
}






%@article{blank,
%	author  = {}, 
%	title   = {},
%	journal = {}, 
%	year  = {},
%	  month = {}, 
%	  volume= {}, 
%	  number= {}, 
%	  pages = {},
%	  note  = {} 
%}	

